<?xml version="1.0" encoding="UTF-8"?><collection xmlns="http://www.loc.gov/MARC21/slim"><record><leader>00479nam--2200181-i-4500</leader><controlfield tag="001">000029911</controlfield><controlfield tag="002">20161230</controlfield><controlfield tag="005">20161230201038</controlfield><controlfield tag="008">060222s1000------------r-----000-0-ger-d</controlfield><datafield ind1=" " ind2=" " tag="040"><subfield code="a">IFIN-HH</subfield></datafield><datafield ind1=" " ind2=" " tag="041"><subfield code="a">ger</subfield></datafield><datafield ind1=" " ind2=" " tag="080"><subfield code="a">537.531</subfield></datafield><datafield ind1="1" ind2=" " tag="100"><subfield code="a">Liechti, A</subfield></datafield><datafield ind1="1" ind2="0" tag="245"><subfield code="a">Rontgenphysik</subfield><subfield code="b">Zweite, vollstandig, neubearbeitete auflage von walter minder</subfield><subfield code="c">A. liechti</subfield></datafield><datafield ind1=" " ind2=" " tag="260"><subfield code="a">Wien</subfield><subfield code="b">Springer</subfield><subfield code="c">1955</subfield></datafield><datafield ind1=" " ind2=" " tag="300"><subfield code="a">IX+306P</subfield></datafield><datafield ind1=" " ind2=" " tag="852"><subfield code="a">11650</subfield><subfield code="c">537.531</subfield></datafield><datafield ind1=" " ind2=" " tag="CAT"><subfield code="a">Sys</subfield><subfield code="c">20110808</subfield><subfield code="h">121155</subfield></datafield></record></collection>